<?xml version="1.0" encoding="UTF-8"?><record xmlns="http://www.loc.gov/MARC21/slim" xmlns:cinclude="http://apache.org/cocoon/include/1.0" xmlns:zs="http://www.loc.gov/zing/srw/">
  <leader>00420cz  a2200133n  4500</leader>
  <controlfield tag="001">n  90634969 </controlfield>
  <controlfield tag="003">DLC</controlfield>
  <controlfield tag="005">19900425174202.1</controlfield>
  <controlfield tag="008">900421n| acannaab|          |a ana |||  </controlfield>
  <datafield tag="010" ind1=" " ind2=" ">
    <subfield code="a">n  90634969 </subfield>
  </datafield>
  <datafield tag="040" ind1=" " ind2=" ">
    <subfield code="a">DLC</subfield>
    <subfield code="c">DLC</subfield>
    <subfield code="d">DLC</subfield>
  </datafield>
  <datafield tag="110" ind1="1" ind2="0">
    <subfield code="a">Pakistan.</subfield>
    <subfield code="t">Land Acquisition Act, 1894</subfield>
  </datafield>
  <datafield tag="410" ind1="1" ind2="0">
    <subfield code="a">Pakistan.</subfield>
    <subfield code="t">I of 1894</subfield>
  </datafield>
  <datafield tag="670" ind1=" " ind2=" ">
    <subfield code="a">Its The Land Acquisition Act, 1894 (I of 1894), 1987:</subfield>
    <subfield code="b">citation title, p. 8 (Land Acquisition Act, 1894)</subfield>
  </datafield>
</record>